@misc{yelp-stats,
      author = "{Yelp Inc.}",
      title = "{An Introduction to Yelp Metrics}",
      month = "September",
      year = "2015",
      howpublished = "\url{http://www.yelp.com/factsheet}"
}

@misc{yelp-dataset,
      author = "{Yelp Inc.}",
      title = "{Yelp Dataset Challenge}",
      year = "2015",
      howpublished = "\url{http://www.yelp.com/dataset_challenge}"
}

@misc{online-habit,
      author = "{Digital Strategy Consulting Ltd.}",
      title = "{Online review habits: Weekday purchases get better feedback}",
      year = "2015",
      howpublished = "\url{http://www.netimperative.com/2015/03/online-review-habits-weekday-purchases-get-better-feedback/}"
}

@conference{emotion,
	author		= "Mohamed Yassine and Hazem Hajj",
	title		= "A Framework for Emotion Mining from Text in Online Social Networks",
	booktitle	= "2010 IEEE International Conference on Data Mining Workshops",
	pages		= "1136--1142",
	address		= "Genova, Italy",
	year		= "2010"
}

@conference{adjectives,
	author		= "Farah Benamara and Carmine Cesarano and Antonio Picariello and Diego Reforgiato and VS Subrahmanian",
	title		= "Sentiment Analysis: Adjectives and Adverbs are better than Adjectives Alone",
	booktitle	= "International Conference on Weblogs and Social Media - ICWSM",
	year		= "2007"
}

@incollection{movie-ratings,
	author	= "Andrei Oghina and Mathias Breuss and Mano Tsagkias and Maarten de Rijke",
	title	= "Predicting IMDB Movie Ratings Using Social Media",
	booktitle= "Advances in Information Retrieval",
	publisher= "Springer Berlin Heidelberg",
	volume	= "7224",
	pages	= "503--507",
	year	= "2012"
}

@inproceedings{youtube-ratings,
	author		= "Stefan Siersdorfer and Sergiu Chelaru and Wolfgang Nejdl and Jose San Pedro",
	title		= "How useful are your comments?: analyzing and predicting youtube comments and comment ratings",
	booktitle	= "Proceedings of the 19th international conference on World wide web",
	pages		= "891--900",
	year		= "2010"
}

@inproceedings{book-ratings,
	author		= "Raymond J. Mooney and Loriene Roy",
	title		= "Content-based book recommending using learning for text categorization",
	booktitle	= "Proceedings of the fifth ACM conference on Digital libraries",
	pages		= "195--204",
	year		= "2000"
}

@inproceedings{sentiwordnet,
	author		= "Andrea Esuli and Fabrizio Sebastiani",
	title		= "{SENTIWORDNET}:
	A publicly available lexical resource for
	opinion mining",
	booktitle	= "Proceedings of the 5th Conference on
	Language Resources and Evaluation (LRECâ€™06)",
	pages		= "417--424",
	address		= "Genova, Italy",
	year		= "2006"
}

@inproceedings{hu-liu,
	author		= "Minqing Hu and Bing Liu",
	title		= "Mining and summarizing customer reviews",
	booktitle	= "Proceedings of the ACM SIGKDD International Conference on Knowledge Discovery \& Data Mining (KDD-2004)",
	address	 	= "Seattle, Washington, USA",
	year		= "2004"
}

@article{wordnet,
	author    = {George A. Miller},
	title     = {{WordNet}: A lexical database for {English}},
	journal   = {Communications of the ACM},
	volume    = {38},
	number	  = {11},
	pages	  = {39--41},
	year	  = {1995}
}

@article{landauer-dumais,
	author	  = {T.K. Landauer and S.T. Dumais},
	title	  = {A solution to {Plato's} problem: The Latent
	Semanctic Analysis theory of the acquisition, induction, and representation of knowledge},
	journal	  = {Psychological Review},
	volume	  = {104},
	pages	  = {211--240},
	year	  = {1997}
}